<?xml version="1.0" encoding="UTF-8"?><collection xmlns="http://www.loc.gov/MARC21/slim"><record><leader>00687nam--2200193-i-4500</leader><controlfield tag="001">000002286</controlfield><controlfield tag="002">20161230</controlfield><controlfield tag="005">20161230201024</controlfield><controlfield tag="008">060222s1000------------r-----000-0-rum-d</controlfield><datafield ind1=" " ind2=" " tag="040"><subfield code="a">IFIN-HH</subfield></datafield><datafield ind1=" " ind2=" " tag="041"><subfield code="a">rum</subfield></datafield><datafield ind1=" " ind2=" " tag="080"><subfield code="a">539.144(043):539.122.164(043)</subfield></datafield><datafield ind1="1" ind2=" " tag="100"><subfield code="a">Grecescu, Mihail-nicolae</subfield></datafield><datafield ind1="1" ind2="0" tag="245"><subfield code="a">Metodica experimentala si rezultate in studiul unor stari excitate nucleare prin tehnica spectroscopiei gama in fascicul pulsat</subfield><subfield code="b">Teza</subfield><subfield code="c">Mihail-nicolae grecescu</subfield></datafield><datafield ind1=" " ind2=" " tag="260"><subfield code="a">Bucuresti</subfield><subfield code="b">Comitetul De Stat Pentru Energia Nucleara</subfield><subfield code="c">1975</subfield></datafield><datafield ind1=" " ind2=" " tag="300"><subfield code="a">188 P</subfield></datafield><datafield ind1=" " ind2=" " tag="502"><subfield code="a">Conducator Stiintific: Profesor Florin Ciorascu</subfield></datafield><datafield ind1=" " ind2=" " tag="852"><subfield code="a">43475</subfield><subfield code="c">539.163.2</subfield></datafield><datafield ind1=" " ind2=" " tag="CAT"><subfield code="a">Sys</subfield><subfield code="c">20120525</subfield><subfield code="h">101624</subfield></datafield></record></collection>